% Plain Matching Pursuit

@PhdThesis{Zhang93,
   author = 	 {Zhifeng Zhang},
   title = 	 {Matching Pursuit},
   school = 	 {New York University},
   year = 	 1993,
   month =	 jul
}

@Article{MZ93,
   author = 	 {Mallat, S. and Zhang, Z.},
   title = 	 {Matching Pursuit With Time-Frequency Dictionaries},
   journal = 	 {{IEEE} Trans. Sig. Proc.},
   year = 	 1993,
   volume = 	 41,
   number = 	 12,
   pages = 	 {3397-3415},
   month = 	 dec
}

@InProceedings{PRK93,
   author = 	 {Pati, Y.C. and Rezaiifar, R. and Krishnaprasad, P.S.},
   title = 	 {Orthonormal Matching Pursuit~: recursive function 
approximation with applications to wavelet decomposition},
   booktitle = 	 {Proceedings of the $27^{th}$ Annual Asilomar Conf. on 
Signals, Systems and Computers},
   year =	 1993,
   month =	 nov
}

@PhdThesis{Davis94,
   author = 	 {Davis, G.},
   title = 	 {Adaptive Nonlinear Approximations},
   school = 	 {New York University},
   year = 	 1994,
   month =	 sep
}

@PhdThesis{Bergeaud,
   author = 	 {Bergeaud, F.},
   title  = 	 {Repr{\'e}sentations adaptatives d'images num{\'e}riques, 
{\it Matching Pursuit}},
   year   =       1995,
   school = 	 {Ecole Centrale Paris},
}

@Article{BM96,
   author  = 	 {Bergeaud, F. and Mallat, S.},
   title   = 	 {Matching Pursuit : Adaptive representations of
		  images and sounds},
   journal =	 {Computational and Applied Mathematics},
   address =      {Birkhauser, Boston},
   pages   =      {97--109},
   volume  =      15,
   number  =      2,
   month   =      oct,
   year    =	 1996
}

% High resolution pursuit
@Article{HRP,
   author = 	 {Jaggi, S. and Carl, W.C. and Mallat, S. and Willsky, A.S.},
   title  = 	 {High Resolution Pursuit for Feature Extraction},
   journal=      {Applied Computational Harmonic Analysis},
   year   = 	 1998,
   volume =       5,
   number =       4,
   pages  =       {428-449},
   doi    =       {10.1006/acha.1997.0239},
   issn   =       {1063-5203},
   month  = 	 oct
}


@InProceedings{HRMP1,
   author = 	 {Gribonval, R. and Bacry, E. and Mallat, S. and
		  Depalle, Ph. and Rodet, X.},
   title = 	 {Analysis of Sound Signals with High Resolution Matching Pursuit},
   pages = 	 {125-128},
   booktitle =   {Proc. TFTS'96},
   year = 	 1996,
   address =	 {Paris, France},
   month = 	 jun
}

@InProceedings{HRMP2,
   author = 	 {Gribonval, R. and Depalle, Ph. and Rodet, X. and
		  Bacry, E. and Mallat, S.},
   title = 	 {Sound Signals Decomposition Using a High Resolution Matching Pursuit},
   pages = 	 {293-296},
   booktitle =   {Proc. ICMC'96},
   year = 	 1996,
   month = 	 aug
}


@Article{DMA97,
   author   = 	 {Davis, G. and Mallat, S. and Avellaneda, M.},
   title    = 	 {Adaptive Greedy Approximations},
   journal  =	 {Constr. Approx.},
   year     =	 1997,
   volume   =	 13,
   number   =     1,
   pages    =	 {57-98}
}

@Article{goodwin99:_match,
   author = 	 {Goodwin, M. and Vetterli, M.},
   title = 	 {Matching pursuit and atomic signal models based on 
recursive filter banks},
   journal = 	 {IEEE Trans. on Signal Proc.},
   year = 	 1999,
   volume =	 47,
   number =	 7,
   pages =	 {1890-1902},
   month =	 jul
}

@PhdThesis{MaThese,
   author = 	 {Gribonval, R.},
   title = 	 {Approximations non-lin{\'e}aires pour l'analyse de signaux sonores},
   school = 	 {Universit{\'e} Paris IX Dauphine},
   year = 	 1999,
   month =	 sep
}


@Article{Grib2001,
   author = 	 {Gribonval, R.},
   title = 	 {Fast Matching Pursuit with a multiscale dictionary of {Gaussian} Chirps},
   journal = 	 {{IEEE} Trans. Sig. Proc.},
   volume =       49,
   number =       5,
   month =        may,
   year = 	 2001,
   pages=         {994-1001},
   url  =	 {preprint at http://www.math.sc.edu/$\sim$imip/00papers/0002.ps}
}

@InProceedings{Grib2002a,
   author = 	 {Gribonval, R.},
   title = 	 {Sparse decomposition of stereo signals with Matching Pursuit
   and application to blind separation of more than two sources from a
   stereo mixture},
   booktitle = 	 {Proc. Int. Conf. Acoust. Speech Signal Process. (ICASSP'02)},
   year =	 2002,
   address =	 {Orlando, Florida},
   month =	 may,
}

@Article{gribonval03:_harmon_decom_audio_signal_match_pursuit,
   author = 	 {Gribonval, R. and Bacry, E.},
   title = 	 {Harmonic Decomposition of Audio Signals with Matching 
Pursuit},
   journal = 	 {{IEEE} Trans. Sig. Proc.},
   year = 	 2003,
   volume =	 51,
   number =	 1,
   month =	 {jan},
   pages =        {101--111}
}

@InProceedings{SPIE03:GribA,
   author = 	 {Gribonval, R.},
   title = 	 {Piecewise Linear Source Separation},
   booktitle = 	 {Proc. SPIE '03},
   year =	 2003,
   pages =	 {297-310},
   editor =	 {Unser, M.A. and Aldroubi, A. and Laine, A.F.},
   volume =	 {5207 Wavelets: Applications in Signal and Image Processing X},
   address =	 {San Diego, CA},
   month =	 {aug}
}


% Theoretical properties of greedy algorithms

@Article{Grib2001b,
   author = 	 {Gribonval, R.},
   title = 	 {A counter-example to the general convergence of partially greedy algorithms},
   journal = 	 {Journal of Adaptive Theory},
   volume  =      {111},
   pages =        {128-138},
   year = 	 2001,
   url  =	 {preprint at http://www.math.sc.edu/$\sim$imip/00papers/0012.ps},
   note  =        {doi:10.1006/jath.2001.3556},
   annote =       {available online at http://www.idealibrary.com}
}

@Article{GN2001,
   author = 	 {Gribonval, R. and Nielsen, M.},
   title = 	 {Approximate Weak Greedy Algorithms},
   journal = 	 {Advances in Computational Mathematics},
   year = 	 2001,
   volume =	 14,
   number =	 4,
   pages =	 {361-378},
   month =	 may,
   url    =       {preprint at 
http://www.math.sc.edu/$\sim$imip/00papers/0016.ps},
}

@InProceedings{Grib2001c,
   author = 	 {Gribonval, R.},
   title = 	 {Partially Greedy Algorithms},
   booktitle = 	 {Trends in Approximation Theory},
   pages =	 {143-148},
   year =	 2001,
   month =        sep,
   editor =	 {Kopotun, K. and Lyche, T. and Neamtu, M.},
   address =	 {Nashville, TN},
   publisher =	 {Vanderbilt University Press},
   isbn      =    {0-8265-1379-4}
}




@InProceedings{ICIP03:GN,
   author = 	 {Gribonval, R. and Nielsen, M.},
   title = 	 {Sparse Decompositions in ``incoherent'' dictionaries},
   booktitle = 	 {Proc. IEEE Intl. Conf. Image Proc. (ICIP'03)},
   year =	 2003,
   address =	 {Barcelona, Spain},
   month =	 sep
}

@Article{gribonval03:_spars,
   author = 	 {Gribonval, R. and Nielsen, M.},
   title = 	 {Sparse decompositions in unions of bases},
   journal = 	 {IEEE Trans. Inform. Theory},
   year = 	 2003,
   volume =	 49,
  number =	 {12},
  pages  =        {3320--3325},
   month =	 dec
}


@TechReport{IRISA03:GV,
   author = 	 {Gribonval, R. and Vandergheynst, P.},
   title = 	 {On the exponential convergence of {M}atching {P}ursuits in 
quasi-incoherent dictionaries},
   institution =  {IRISA},
   year = 	 2004,
   number =	 {PI-1619},
   address =	 {Rennes, France},
   month =	 apr,
   note =         {submitted to IEEE Trans. Inf. Th.}
}

@TechReport{gribonval03:_highl,
   author = 	 {Gribonval, R. and Nielsen, M.},
   title = 	 {Highly sparse representations from dictionaries are unique 
and independent of the sparseness measure},
   institution =  {Dept of Math. Sciences, Aalborg University},
   year = 	 2003,
   number =       {R-2003-16},
   month =	 oct,
   annote =         {submitted to Appl. Comp. Harmonic Anal.}
}


@TechReport{GribFig,
   author = 	 {Gribonval, R. and Figueras i Ventura, R. M. and Vandergheynst, P.},
   title = 	 {A simple test to check the optimality of sparse signal approximations},
   institution =  {IRISA},
   year = 	 2004,
   address =	 {Rennes, France},
   month =	 {nov},
   note =	 {submitted to EURASIP Signal Processing J.}
}

%
% Pursuit algorithms
%

@Article{FT74,
   author = 	 {Friedman, J.H. and Tukey, J.W.},
   title = 	 {A projection pursuit algorithm for exploratory data analysis},
   journal = 	 {IEEE Trans. Comput.},
   year = 	 1974,
   volume =	 {C-23},
   pages =	 {881-889}
}

@Article{FS81,
   author = 	 {Friedman, J.H. and Stuetzle, W.},
   title = 	 {Projection Pursuit Regression},
   journal = 	 {J. Amer. Stat. Assoc.},
   year = 	 1981,
   volume =	 76,
   pages =	 {817-823}
}

@Article{Hub85,
   author = 	 {Huber, P.J.},
   title = 	 {Projection Pursuit},
   journal = 	 {The Annals of Statistics},
   year = 	 1985,
   volume =	 13,
   number =	 2,
   pages =	 {435-475}
}

@Article{Jon87,
   author = 	 {Jones, L.K.},
   title = 	 {On a Conjecture of {Huber} concerning the convergence of 
{PP}-regression},
   journal = 	 {The Annals of Statistics},
   year = 	 1987,
   volume =	 15,
   pages =	 {880-882}
}

@article {MR93b:62089,
     AUTHOR = {Jones, Lee K.},
      TITLE = {A simple lemma on greedy approximation in {H}ilbert space and
               convergence rates for projection pursuit regression and 
neural
               network training},
    JOURNAL = {Ann. Statist.},
   FJOURNAL = {The Annals of Statistics},
     VOLUME = {20},
       YEAR = {1992},
     NUMBER = {1},
      PAGES = {608--613},
       ISSN = {0090-5364},
      CODEN = {ASTSC7},
    MRCLASS = {62H40 (62J02)},
   MRNUMBER = {93b:62089},
MRREVIEWER = {Lionel Weiss},
}


@Article{RW92,
   author = 	 {Rejt{\"o}, L. and Walter, G.G.},
   title = 	 {Remarks on Projection Pursuit Regression and Density 
Estimation},
   journal = 	 {Stochastic Analysis and Applications},
   year = 	 1992,
   volume =	 10,
   number =	 2,
   pages =	 {213-222}
}





@article {DeVT96,
     AUTHOR = {DeVore, R. A. and Temlyakov, V. N.},
      TITLE = {Some remarks on greedy algorithms},
    JOURNAL = {Adv. Comput. Math.},
   FJOURNAL = {Advances in Computational Mathematics},
     VOLUME = {5},
       YEAR = {1996},
     NUMBER = {2-3},
      PAGES = {173--187},
       ISSN = {1019-7168},
    MRCLASS = {41A30 (65D15)},
   MRNUMBER = {97g:41029},
MRREVIEWER = {Gheorghe Coman},
}


@Article{Teml98,
   author = 	 {Temlyakov, V.N.},
   title = 	 {The best $m$-term approximation and Greedy Algorithms},
   journal = 	 {Advances in Comp. Math.},
   year = 	 1998,
   number =	 8,
   pages =	 {249-265}
}


@TechReport{Teml99b,
   author = 	 {Temlyakov, V.N.},
   title = 	 {Universal bases and Greedy algorithms},
   institution =  {Dept of Mathematics, University of South Carolina, 
Columbia, SC 29208},
   year = 	 1999,
   number =	 9908,
   url  =	 {http://www.math.sc.edu/$\sim$imip/99papers/9908.ps}
}


@Article{temlyakov00:_greed,
   author = 	 {Temlyakov, V.N.},
   title = 	 {Greedy algorithms with regard to multivariate systems with 
special structure},
   journal = 	 {Constr. Approx.},
   year = 	 2000,
   volume =	 16,
   number =	 3,
   pages =	 {399-425}
}

@Article{Teml99a,
   author = 	 {Temlyakov, V.N.},
   title = 	 {Weak Greedy Algorithms},
   journal = 	 {Advances in Computational Mathematics},
   year = 	 2000,
   volume =	 12,
   number =	 {2,3},
   pages =	 {213-227},
   url  =	 {preprint at http://www.math.sc.edu/$\sim$imip/99papers/9903.ps},
}

@TechReport{LT2000,
   author = 	 {Livschitz, E.D. and Temlyakov, V.N.},
   title = 	 {On convergence of Weak Greedy Algorithms},
   institution =  {Dept. of Mathematics, University of South Carolina, 
Columbia, SC},
   year = 	 2000,
   number =	 0013,
   url  =	 {http://www.math.sc.edu/$\sim$imip/00papers/0013.ps}
}


@Article{livschitz03:_two,
   author = 	 {Livschitz, E.D. and Temlyakov, V.N.},
   title = 	 {Two lower estimates in greedy approximation},
   journal = 	 {Constr. Approx.},
   year = 	 2003,
   volume =	 19,
   OPTpages =	 {}
}

%
% Basis Pursuit
%

@Article{CD99,
   author = 	 {Chen, S. and Donoho, D.L. and Saunders, M.A.},
   title = 	 {Atomic Decomposition by Basis Pursuit},
   journal = 	 {SIAM Journal on Scientific Computing},
   year = 	 1999,
   volume =	 20,
   number =	 1,
   pages =	 {33-61},
   month =        jan
}




@Article{donoho01:_uncer_princ_ideal_atomic_decom,
   author = 	 {Donoho,D.L. and Huo,Xiaoming},
   title = 	 {Uncertainty Principles and Ideal Atomic Decompositions},
   journal = 	 {IEEE Trans. Inform. Theory},
   year = 	 2001,
   volume =	 47,
   number =	 7,
   pages =	 {2845--2862},
   month =	 nov
}


@Article{elad02,
   author = 	 {Elad, M. and Bruckstein, A.M.},
   title = 	 {A generalized uncertainty principle and sparse 
representations in pairs of bases},
   journal = 	 {IEEE Trans. Inform. Theory},
   year = 	 2002,
   volume =	 48,
   number =	 9,
   pages =	 {2558--2567},
   month =	 sep
}




@Article{feuer02:_spars_repres_pairs_bases,
   author = 	 {Feuer, A. and Nemirovsky, A.},
   title = 	 {On Sparse Representations in Pairs of Bases},
   journal = 	 {IEEE Trans. Inform. Theory},
   year = 	 2003,
   volume =       49,
   number =       6,
   pages  =       {1579--1581},
   month =	 jun
}


@Article{donoho02:_optim_spars_repres_gener_orthog_diction_minim,
   author = 	 {Donoho, D.L. and Elad, M.},
   title = 	 {Optimally Sparse Representation in General 
(non-Orthogonal) Dictionaries via $\ell^1$ Minimization},
   journal = 	 {Proc. Nat. Aca. Sci.},
   year    = 	 2003,
   volume =       100,
   number =       5,
   pages  =       {2197--2202},
   month  =       mar
}

@InProceedings{gilbert03:_approx_funct_redun_diction_using,
   author = 	 {Gilbert, A.C. and Muthukrishnan, S. and Strauss, M.J.},
   title = 	 {Approximation of Functions over Redundant Dictionaries 
Using coherence},
   booktitle = 	 {The 14th ACM-SIAM Symposium on Discrete Algorithms 
(SODA'03)},
   year =	 2003,
   month =  jan
}


@InProceedings{gilbert03:_improv,
   author = 	 {Gilbert, A.C. and Muthukrishnan, S. and Strauss, M.J. and 
Tropp, J.},
   title = 	 {Improved sparse approximation over quasi-incoherent 
dictionaries},
   booktitle = 	 {Int. Conf. on Image Proc. (ICIP'03)},
   year =	 2003,
   address =	 {Barcelona, Spain},
   month =	 sep
}


@InProceedings{fuchs97,
   author = 	 {Fuchs, J.-J.},
   title = 	 {Une approche \`a l'estimation et l'identification
simultan\'ees},
   booktitle = 	 {Actes du seizi\`eme colloque GRETSI},
   pages =	 {1273--1276},
   year =	 1997,
   volume =	 2,
   address =	 {Grenoble},
   month =	 {sep}
}

@InProceedings{fuchs98:_detect,
   author = 	 {Fuchs, J.-J.},
   title = 	 {Detection and estimation of superimposed signals},
   booktitle = 	 ICASSP98,
   pages =	 {1649--1652},
   year =	 1998,
   volume =	 {III},
   address =	 {Seattle}
}

@TechReport{fuchs02:_spars_repres_arbit_redun_bases,
   author = 	 {Fuchs, J.-J.},
   title = 	 {On Sparse Representations in Arbitrary Redundant Bases},
   institution =  {IRISA},
   year = 	 2003,
   month =	 dec,
   note =	 {to appear in IEEE Trans. Inform. Theory}
}

@Article{sardy00:_block_coord_relax_method_nonpar_wavel_denois,
   author = 	 {Sardy, S. and Bruce, A. and Tseng, P.},
   title = 	 {Block Coordinate Relaxation Methods for Nonparametric 
Wavelet Denoising},
   journal = 	 {Journal of Computational and Graphical Statistics},
   year = 	 2000,
   volume =	 9,
   number =	 2
}




@TechReport{Teml2001,
   author = 	 {Temlyakov, V.N.},
   title = 	 {Nonlinear methods of approximation},
   institution =  {Dept of Mathematics, University of South Carolina, 
Columbia, SC 29208},
   year = 	 2001,
   number =	 0109,
   url  =	 {http://www.math.sc.edu/$\sim$imip/01papers/0109.ps}
}





@InProceedings{villemoes97:_nonlin_approx_walsh_atoms,
   author = 	 {Villemoes, L.},
   title = 	 {Nonlinear Approximation with Walsh Atoms},
   booktitle = 	 {Proceedings of ``Surface Fitting and Multiresolution 
Methods'', Chamonix 1996},
   pages =	 {329--336},
   year =	 1997,
   editor =	 {Le M'ehaut'e, A. and Rabut, C. and Schumaker, L.L.},
   publisher =	 {Vanderbilt University Press}
}




@Article{tropp04:_greed,
   author = 	 {Tropp, J.},
   title = 	 {Greed is good : Algorithmic results for sparse approximation},
   journal = 	 {IEEE Trans. Inform. Theory},
   year = 	 2004,
   volume =	 50,
   number =	 10,
   pages =	 {2231--2242},
   month =	 oct
}

@TechReport{IMI:LevTeml03,
   author      =	 {Leviatan, D. and Temlyakov, V.N.},
   title       =	 {Simultaneous Approximation by Greedy Algorithms},
   institution =  {IMI, Dept of Mathematics, University of South 
Carolina, Columbia, SC 29208},
   year        =	 2003,
   number      =  0302,
   url    =       {http://www.math.sc.edu/$\sim$imip/03papers/0302.ps}
}

@InProceedings{rao98:_signal_proces_spars_const,
   author = 	 {Rao, B.~D.},
   title = 	 {Signal Processing with the Sparseness Constraint},
   booktitle = 	 {International Conference on Acoustics, Speech, and 
Signal Processing (ICASSP'98)},
   pages =	 {1861--1864},
   year =	 1998,
   address =	 {Seattle},
   month =	 {may}
}

@Unpublished{donoho04:_stabl_recov_spars_repres_presen_noise,
   author = 	 {Donoho, D. and Elad, M. and Temlyakov, V.},
   title = 	 {Stable Recovery of Sparse overcomplete Representations in 
the Presence of Noise},
   note = 	 {Working draft},
   month =	 feb,
   year =	 2004
}

@TechReport{tropp04:_just_relax,
   author = 	 {Tropp, J.},
   title = 	 {Just Relax: {C}onvex programming methods for subset 
selection and sparse approximation},
   institution =  {UT-Austin},
   year = 	 2004,
   number =	 {ICES Report 04-04},
   month =	 feb
}

@InProceedings{IC06MPTK,
  author = 	 {Sacha Krstulovi{\'c} and R{\'e}mi Gribonval},
  title = 	 {Matching Pursuit made tractable},
  booktitle =	 {Proc.ICASSP 2006},
  year =	 2006
}


@InProceedings{LESAGE_ICA06,
  author = 	 {Sylvain Lesage and Sacha Krstulovi{\'c} and R{\'e}mi Gribonval},
  title = 	 {Underdetermined source separation: comparison of two approaches based on sparse decompositions},
  booktitle =	 {Proc.ICA'06},
  year =	 2006
}

@InProceedings{WASPAA05,
  author = 	 {Sacha Krstulovi{\'c} and R{\'e}mi Gribonval and Pierre Leveau and Laurent Daudet},
  title = 	 {A comparison of two extensions of the Matching Pursuit Algorithm for the harmonic decomposition of sounds},
  booktitle =	 {Proc.WASPAA'05},
  year =	 2005
}

